@article{Gao2003,
    title={A New Algorithm for Decoding Reed-Solomon Codes},
    author={Gao, Shuhong},
    journal={Communications, Information and Network Security},
    year={2003},
}

@article{RS1960,
    author = {Reed, Irvin S. and Solomon, Gustave},
    title = {Polynomial Codes Over Certain Finite Fields},
    journal =  {Journal of the Society for Industrial and Applied Mathematics},
    year = {1960}
}

@Booklet{aecf-2017-pdf,
  title    = {Algorithmes Efficaces en Calcul Formel},
  author   = {Bostan, Alin and Chyzak, Frédéric and Giusti, Marc and Lebreton, Romain and Lecerf, Grégoire and Salvy, Bruno and Schost, Eric},
  month    = aug,
  year     = {2017},
  note     = {686 pages. Édition 1.0},
  langid   = {french},
  language = {french},
  url      = {https://hal.archives-ouvertes.fr/AECF/},
}

@Booklet{inv_formal_series,
  title    = {Algorithmique avancée : Polynômes et séries},
  author   = {Haddad, Serge},
  langid   = {french},
  language = {french},
  url      = {http://www.lsv.fr/~haddad/slides-formal.pdf},
}

@unpublished{grenet:hal-02942054,
  title = {{Algorithme du demi-pgcd}},
  author = {Grenet, Bruno},
  url = {https://cel.hal.science/hal-02942054},
  note = {Lecture},
  year = {2018},
}

@book{moderncomp,
    title = {Modern Computer Algebra},
    author = {von zur Gathen, Joachim and Gerhard, Jürgen},
    publisher = {Cambridge University Press},
    year = {2013},
    pages = {227-237},
}